<ENVELOPE>
<HEADER>
 <TALLYREQUEST>Import Data</TALLYREQUEST>
</HEADER>
<BODY>
 <IMPORTDATA>
  <REQUESTDESC>
   <REPORTNAME>Vouchers</REPORTNAME>
   <STATICVARIABLES>
    <SVCURRENTCOMPANY>Suresh Traders - (from 1-Apr-25)</SVCURRENTCOMPANY>
   </STATICVARIABLES>
  </REQUESTDESC>
  <REQUESTDATA>
   <TALLYMESSAGE xmlns:UDF="TallyUDF">
    <VOUCHER VCHTYPE="Receipt" ACTION="Create">
        <DATE>20250606</DATE>
        <VOUCHERTYPENAME>Receipt</VOUCHERTYPENAME>
        <PARTYLEDGERNAME>Temp1</PARTYLEDGERNAME>
        <VOUCHERNUMBERSERIES>Default</VOUCHERNUMBERSERIES>
        <NARRATION>UPI-CR-552359469661-Mr MOHAMED MAIDEEN  S-CBIN-00000001833343998-UPI</NARRATION>

        <ALLLEDGERENTRIES.LIST>
            <LEDGERNAME>Temp1</LEDGERNAME>
            <ISDEEMEDPOSITIVE>No</ISDEEMEDPOSITIVE>
            <ISPARTYLEDGER>Yes</ISPARTYLEDGER>
            <AMOUNT>3811.00</AMOUNT>
        </ALLLEDGERENTRIES.LIST>

        <ALLLEDGERENTRIES.LIST>
            <LEDGERNAME>Karur Vyshya Bank</LEDGERNAME>
            <ISDEEMEDPOSITIVE>Yes</ISDEEMEDPOSITIVE>
            <ISPARTYLEDGER>Yes</ISPARTYLEDGER>
            <AMOUNT>-3811.00</AMOUNT>
            <BANKALLOCATIONS.LIST>
                <DATE>20250606</DATE>
                <INSTRUMENTDATE>20250606</INSTRUMENTDATE>
                <NAME>0b93ad45-fe3c-4aaf-9324-3a8b54cbc50c</NAME>
                <TRANSACTIONTYPE>Others</TRANSACTIONTYPE>
                <PAYMENTFAVOURING>Temp1</PAYMENTFAVOURING>
                <BANKPARTYNAME>Temp1</BANKPARTYNAME>
                <AMOUNT>-3811.00</AMOUNT>
            </BANKALLOCATIONS.LIST>
        </ALLLEDGERENTRIES.LIST>
    </VOUCHER>
</TALLYMESSAGE>

<TALLYMESSAGE xmlns:UDF="TallyUDF">
    <VOUCHER VCHTYPE="Receipt" ACTION="Create">
        <DATE>20250606</DATE>
        <VOUCHERTYPENAME>Receipt</VOUCHERTYPENAME>
        <PARTYLEDGERNAME>Temp1</PARTYLEDGERNAME>
        <VOUCHERNUMBERSERIES>Default</VOUCHERNUMBERSERIES>
        <NARRATION>UPI-CR-552302323055-R VASUKI-TMBL-118100050317025-UPI</NARRATION>

        <ALLLEDGERENTRIES.LIST>
            <LEDGERNAME>Temp1</LEDGERNAME>
            <ISDEEMEDPOSITIVE>No</ISDEEMEDPOSITIVE>
            <ISPARTYLEDGER>Yes</ISPARTYLEDGER>
            <AMOUNT>914.00</AMOUNT>
        </ALLLEDGERENTRIES.LIST>

        <ALLLEDGERENTRIES.LIST>
            <LEDGERNAME>Karur Vyshya Bank</LEDGERNAME>
            <ISDEEMEDPOSITIVE>Yes</ISDEEMEDPOSITIVE>
            <ISPARTYLEDGER>Yes</ISPARTYLEDGER>
            <AMOUNT>-914.00</AMOUNT>
            <BANKALLOCATIONS.LIST>
                <DATE>20250606</DATE>
                <INSTRUMENTDATE>20250606</INSTRUMENTDATE>
                <NAME>6626a659-9b2c-4b0c-a8b0-eedfe3911262</NAME>
                <TRANSACTIONTYPE>Others</TRANSACTIONTYPE>
                <PAYMENTFAVOURING>Temp1</PAYMENTFAVOURING>
                <BANKPARTYNAME>Temp1</BANKPARTYNAME>
                <AMOUNT>-914.00</AMOUNT>
            </BANKALLOCATIONS.LIST>
        </ALLLEDGERENTRIES.LIST>
    </VOUCHER>
</TALLYMESSAGE>

<TALLYMESSAGE xmlns:UDF="TallyUDF">
 <VOUCHER VCHTYPE="Payment" ACTION="Create">
  <DATE>20250606</DATE>
  <GUID>7db0351c-6585-4b49-8ad3-e873b68dd2ca</GUID>
  <NARRATION>KVBLH00236816989-STS   CO-002510360865031-aps-307</NARRATION>
  <VOUCHERTYPENAME>Payment</VOUCHERTYPENAME>
  <PARTYLEDGERNAME>Temp1</PARTYLEDGERNAME>
  <VOUCHERTYPEORIGNAME>Payment</VOUCHERTYPEORIGNAME>
  <ALLLEDGERENTRIES.LIST>
   <LEDGERNAME>Temp1</LEDGERNAME>
   <ISDEEMEDPOSITIVE>Yes</ISDEEMEDPOSITIVE>
   <ISPARTYLEDGER>Yes</ISPARTYLEDGER>
   <AMOUNT>-145769.00</AMOUNT>
  </ALLLEDGERENTRIES.LIST>
  <ALLLEDGERENTRIES.LIST>
   <LEDGERNAME>Karur Vyshya Bank</LEDGERNAME>
   <ISDEEMEDPOSITIVE>No</ISDEEMEDPOSITIVE>
   <ISPARTYLEDGER>Yes</ISPARTYLEDGER>
   <AMOUNT>145769.00</AMOUNT>
   <BANKALLOCATIONS.LIST>
    <DATE>20250606</DATE>
    <INSTRUMENTDATE>20250606</INSTRUMENTDATE>
    <TRANSACTIONTYPE>Inter Bank Transfer</TRANSACTIONTYPE>
    <PAYMENTFAVOURING>Temp1</PAYMENTFAVOURING>
    <TRANSFERMODE>NEFT</TRANSFERMODE>
    <AMOUNT>145769.00</AMOUNT>
   </BANKALLOCATIONS.LIST>
  </ALLLEDGERENTRIES.LIST>
 </VOUCHER>
</TALLYMESSAGE>

<TALLYMESSAGE xmlns:UDF="TallyUDF">
    <VOUCHER VCHTYPE="Receipt" ACTION="Create">
        <DATE>20250606</DATE>
        <VOUCHERTYPENAME>Receipt</VOUCHERTYPENAME>
        <PARTYLEDGERNAME>Temp1</PARTYLEDGERNAME>
        <VOUCHERNUMBERSERIES>Default</VOUCHERNUMBERSERIES>
        <NARRATION>UPI-CR-464390415023-SYED ABDUL KADER-IOBA-023901000008703-Payment from PhonePe</NARRATION>

        <ALLLEDGERENTRIES.LIST>
            <LEDGERNAME>Temp1</LEDGERNAME>
            <ISDEEMEDPOSITIVE>No</ISDEEMEDPOSITIVE>
            <ISPARTYLEDGER>Yes</ISPARTYLEDGER>
            <AMOUNT>786.00</AMOUNT>
        </ALLLEDGERENTRIES.LIST>

        <ALLLEDGERENTRIES.LIST>
            <LEDGERNAME>Karur Vyshya Bank</LEDGERNAME>
            <ISDEEMEDPOSITIVE>Yes</ISDEEMEDPOSITIVE>
            <ISPARTYLEDGER>Yes</ISPARTYLEDGER>
            <AMOUNT>-786.00</AMOUNT>
            <BANKALLOCATIONS.LIST>
                <DATE>20250606</DATE>
                <INSTRUMENTDATE>20250606</INSTRUMENTDATE>
                <NAME>1cc7db6f-fcd3-41a7-a0b0-0d70ed5a0077</NAME>
                <TRANSACTIONTYPE>Others</TRANSACTIONTYPE>
                <PAYMENTFAVOURING>Temp1</PAYMENTFAVOURING>
                <BANKPARTYNAME>Temp1</BANKPARTYNAME>
                <AMOUNT>-786.00</AMOUNT>
            </BANKALLOCATIONS.LIST>
        </ALLLEDGERENTRIES.LIST>
    </VOUCHER>
</TALLYMESSAGE>

<TALLYMESSAGE xmlns:UDF="TallyUDF">
    <VOUCHER VCHTYPE="Receipt" ACTION="Create">
        <DATE>20250606</DATE>
        <VOUCHERTYPENAME>Receipt</VOUCHERTYPENAME>
        <PARTYLEDGERNAME>Temp1</PARTYLEDGERNAME>
        <VOUCHERNUMBERSERIES>Default</VOUCHERNUMBERSERIES>
        <NARRATION>NEFT CR-CNRB0001101-NEW STUDENT BOOK CENTRE-SURESH TRADERS-CNRBH00052389474</NARRATION>

        <ALLLEDGERENTRIES.LIST>
            <LEDGERNAME>Temp1</LEDGERNAME>
            <ISDEEMEDPOSITIVE>No</ISDEEMEDPOSITIVE>
            <ISPARTYLEDGER>Yes</ISPARTYLEDGER>
            <AMOUNT>60000.00</AMOUNT>
        </ALLLEDGERENTRIES.LIST>

        <ALLLEDGERENTRIES.LIST>
            <LEDGERNAME>Karur Vyshya Bank</LEDGERNAME>
            <ISDEEMEDPOSITIVE>Yes</ISDEEMEDPOSITIVE>
            <ISPARTYLEDGER>Yes</ISPARTYLEDGER>
            <AMOUNT>-60000.00</AMOUNT>
            <BANKALLOCATIONS.LIST>
                <DATE>20250606</DATE>
                <INSTRUMENTDATE>20250606</INSTRUMENTDATE>
                <NAME>1d59558f-303d-4b71-b3f3-e52df36c18d7</NAME>
                <TRANSACTIONTYPE>Others</TRANSACTIONTYPE>
                <PAYMENTFAVOURING>Temp1</PAYMENTFAVOURING>
                <BANKPARTYNAME>Temp1</BANKPARTYNAME>
                <AMOUNT>-60000.00</AMOUNT>
            </BANKALLOCATIONS.LIST>
        </ALLLEDGERENTRIES.LIST>
    </VOUCHER>
</TALLYMESSAGE>

<TALLYMESSAGE xmlns:UDF="TallyUDF">
    <VOUCHER VCHTYPE="Receipt" ACTION="Create">
        <DATE>20250606</DATE>
        <VOUCHERTYPENAME>Receipt</VOUCHERTYPENAME>
        <PARTYLEDGERNAME>Temp1</PARTYLEDGERNAME>
        <VOUCHERNUMBERSERIES>Default</VOUCHERNUMBERSERIES>
        <NARRATION>UPI-CR-106018218494-PRIYADHARSHAN B-HDFC-50200083427180-UPI</NARRATION>

        <ALLLEDGERENTRIES.LIST>
            <LEDGERNAME>Temp1</LEDGERNAME>
            <ISDEEMEDPOSITIVE>No</ISDEEMEDPOSITIVE>
            <ISPARTYLEDGER>Yes</ISPARTYLEDGER>
            <AMOUNT>356.00</AMOUNT>
        </ALLLEDGERENTRIES.LIST>

        <ALLLEDGERENTRIES.LIST>
            <LEDGERNAME>Karur Vyshya Bank</LEDGERNAME>
            <ISDEEMEDPOSITIVE>Yes</ISDEEMEDPOSITIVE>
            <ISPARTYLEDGER>Yes</ISPARTYLEDGER>
            <AMOUNT>-356.00</AMOUNT>
            <BANKALLOCATIONS.LIST>
                <DATE>20250606</DATE>
                <INSTRUMENTDATE>20250606</INSTRUMENTDATE>
                <NAME>9aa4e0ff-c430-4bf7-8fad-43510c322116</NAME>
                <TRANSACTIONTYPE>Others</TRANSACTIONTYPE>
                <PAYMENTFAVOURING>Temp1</PAYMENTFAVOURING>
                <BANKPARTYNAME>Temp1</BANKPARTYNAME>
                <AMOUNT>-356.00</AMOUNT>
            </BANKALLOCATIONS.LIST>
        </ALLLEDGERENTRIES.LIST>
    </VOUCHER>
</TALLYMESSAGE>

<TALLYMESSAGE xmlns:UDF="TallyUDF">
    <VOUCHER VCHTYPE="Receipt" ACTION="Create">
        <DATE>20250606</DATE>
        <VOUCHERTYPENAME>Receipt</VOUCHERTYPENAME>
        <PARTYLEDGERNAME>Temp1</PARTYLEDGERNAME>
        <VOUCHERNUMBERSERIES>Default</VOUCHERNUMBERSERIES>
        <NARRATION>CASH DEP-TP-SEKAR-AUNDIPATTI</NARRATION>

        <ALLLEDGERENTRIES.LIST>
            <LEDGERNAME>Temp1</LEDGERNAME>
            <ISDEEMEDPOSITIVE>No</ISDEEMEDPOSITIVE>
            <ISPARTYLEDGER>Yes</ISPARTYLEDGER>
            <AMOUNT>10000.00</AMOUNT>
        </ALLLEDGERENTRIES.LIST>

        <ALLLEDGERENTRIES.LIST>
            <LEDGERNAME>Karur Vyshya Bank</LEDGERNAME>
            <ISDEEMEDPOSITIVE>Yes</ISDEEMEDPOSITIVE>
            <ISPARTYLEDGER>Yes</ISPARTYLEDGER>
            <AMOUNT>-10000.00</AMOUNT>
            <BANKALLOCATIONS.LIST>
                <DATE>20250606</DATE>
                <INSTRUMENTDATE>20250606</INSTRUMENTDATE>
                <NAME>728c509b-b591-497b-b4c9-cf193cfa2232</NAME>
                <TRANSACTIONTYPE>Others</TRANSACTIONTYPE>
                <PAYMENTFAVOURING>Temp1</PAYMENTFAVOURING>
                <BANKPARTYNAME>Temp1</BANKPARTYNAME>
                <AMOUNT>-10000.00</AMOUNT>
            </BANKALLOCATIONS.LIST>
        </ALLLEDGERENTRIES.LIST>
    </VOUCHER>
</TALLYMESSAGE>

<TALLYMESSAGE xmlns:UDF="TallyUDF">
    <VOUCHER VCHTYPE="Receipt" ACTION="Create">
        <DATE>20250606</DATE>
        <VOUCHERTYPENAME>Receipt</VOUCHERTYPENAME>
        <PARTYLEDGERNAME>Temp1</PARTYLEDGERNAME>
        <VOUCHERNUMBERSERIES>Default</VOUCHERNUMBERSERIES>
        <NARRATION>UPI-CR-552352680067-KP AGENCY-TMBL-422150050800131-UPI</NARRATION>

        <ALLLEDGERENTRIES.LIST>
            <LEDGERNAME>Temp1</LEDGERNAME>
            <ISDEEMEDPOSITIVE>No</ISDEEMEDPOSITIVE>
            <ISPARTYLEDGER>Yes</ISPARTYLEDGER>
            <AMOUNT>3385.00</AMOUNT>
        </ALLLEDGERENTRIES.LIST>

        <ALLLEDGERENTRIES.LIST>
            <LEDGERNAME>Karur Vyshya Bank</LEDGERNAME>
            <ISDEEMEDPOSITIVE>Yes</ISDEEMEDPOSITIVE>
            <ISPARTYLEDGER>Yes</ISPARTYLEDGER>
            <AMOUNT>-3385.00</AMOUNT>
            <BANKALLOCATIONS.LIST>
                <DATE>20250606</DATE>
                <INSTRUMENTDATE>20250606</INSTRUMENTDATE>
                <NAME>8ba30e7a-6e80-4ee8-bfd7-9ee7e3bdc4b8</NAME>
                <TRANSACTIONTYPE>Others</TRANSACTIONTYPE>
                <PAYMENTFAVOURING>Temp1</PAYMENTFAVOURING>
                <BANKPARTYNAME>Temp1</BANKPARTYNAME>
                <AMOUNT>-3385.00</AMOUNT>
            </BANKALLOCATIONS.LIST>
        </ALLLEDGERENTRIES.LIST>
    </VOUCHER>
</TALLYMESSAGE>

<TALLYMESSAGE xmlns:UDF="TallyUDF">
    <VOUCHER VCHTYPE="Receipt" ACTION="Create">
        <DATE>20250606</DATE>
        <VOUCHERTYPENAME>Receipt</VOUCHERTYPENAME>
        <PARTYLEDGERNAME>Temp1</PARTYLEDGERNAME>
        <VOUCHERNUMBERSERIES>Default</VOUCHERNUMBERSERIES>
        <NARRATION>UPI-CR-100707454763-SRI BALAJI ENTERPRISES-HDFC-50200055790224-Bill</NARRATION>

        <ALLLEDGERENTRIES.LIST>
            <LEDGERNAME>Temp1</LEDGERNAME>
            <ISDEEMEDPOSITIVE>No</ISDEEMEDPOSITIVE>
            <ISPARTYLEDGER>Yes</ISPARTYLEDGER>
            <AMOUNT>1402.00</AMOUNT>
        </ALLLEDGERENTRIES.LIST>

        <ALLLEDGERENTRIES.LIST>
            <LEDGERNAME>Karur Vyshya Bank</LEDGERNAME>
            <ISDEEMEDPOSITIVE>Yes</ISDEEMEDPOSITIVE>
            <ISPARTYLEDGER>Yes</ISPARTYLEDGER>
            <AMOUNT>-1402.00</AMOUNT>
            <BANKALLOCATIONS.LIST>
                <DATE>20250606</DATE>
                <INSTRUMENTDATE>20250606</INSTRUMENTDATE>
                <NAME>48ef331d-88e7-4d79-bb1b-9d02393bafe8</NAME>
                <TRANSACTIONTYPE>Others</TRANSACTIONTYPE>
                <PAYMENTFAVOURING>Temp1</PAYMENTFAVOURING>
                <BANKPARTYNAME>Temp1</BANKPARTYNAME>
                <AMOUNT>-1402.00</AMOUNT>
            </BANKALLOCATIONS.LIST>
        </ALLLEDGERENTRIES.LIST>
    </VOUCHER>
</TALLYMESSAGE>

<TALLYMESSAGE xmlns:UDF="TallyUDF">
    <VOUCHER VCHTYPE="Receipt" ACTION="Create">
        <DATE>20250606</DATE>
        <VOUCHERTYPENAME>Receipt</VOUCHERTYPENAME>
        <PARTYLEDGERNAME>Temp1</PARTYLEDGERNAME>
        <VOUCHERNUMBERSERIES>Default</VOUCHERNUMBERSERIES>
        <NARRATION>UPI-CR-552367249933-SUGANYAPRABHA  S-SBIN-00000031459977857-UPI</NARRATION>

        <ALLLEDGERENTRIES.LIST>
            <LEDGERNAME>Temp1</LEDGERNAME>
            <ISDEEMEDPOSITIVE>No</ISDEEMEDPOSITIVE>
            <ISPARTYLEDGER>Yes</ISPARTYLEDGER>
            <AMOUNT>146.00</AMOUNT>
        </ALLLEDGERENTRIES.LIST>

        <ALLLEDGERENTRIES.LIST>
            <LEDGERNAME>Karur Vyshya Bank</LEDGERNAME>
            <ISDEEMEDPOSITIVE>Yes</ISDEEMEDPOSITIVE>
            <ISPARTYLEDGER>Yes</ISPARTYLEDGER>
            <AMOUNT>-146.00</AMOUNT>
            <BANKALLOCATIONS.LIST>
                <DATE>20250606</DATE>
                <INSTRUMENTDATE>20250606</INSTRUMENTDATE>
                <NAME>6b87e346-0045-4f5c-9ce9-aba8daf6750c</NAME>
                <TRANSACTIONTYPE>Others</TRANSACTIONTYPE>
                <PAYMENTFAVOURING>Temp1</PAYMENTFAVOURING>
                <BANKPARTYNAME>Temp1</BANKPARTYNAME>
                <AMOUNT>-146.00</AMOUNT>
            </BANKALLOCATIONS.LIST>
        </ALLLEDGERENTRIES.LIST>
    </VOUCHER>
</TALLYMESSAGE>

<TALLYMESSAGE xmlns:UDF="TallyUDF">
    <VOUCHER VCHTYPE="Receipt" ACTION="Create">
        <DATE>20250606</DATE>
        <VOUCHERTYPENAME>Receipt</VOUCHERTYPENAME>
        <PARTYLEDGERNAME>Temp1</PARTYLEDGERNAME>
        <VOUCHERNUMBERSERIES>Default</VOUCHERNUMBERSERIES>
        <NARRATION>UPI-CR-611732687791-KARTHIKA N-CNRB-62002010099160-Payment from PhonePe</NARRATION>

        <ALLLEDGERENTRIES.LIST>
            <LEDGERNAME>Temp1</LEDGERNAME>
            <ISDEEMEDPOSITIVE>No</ISDEEMEDPOSITIVE>
            <ISPARTYLEDGER>Yes</ISPARTYLEDGER>
            <AMOUNT>450.00</AMOUNT>
        </ALLLEDGERENTRIES.LIST>

        <ALLLEDGERENTRIES.LIST>
            <LEDGERNAME>Karur Vyshya Bank</LEDGERNAME>
            <ISDEEMEDPOSITIVE>Yes</ISDEEMEDPOSITIVE>
            <ISPARTYLEDGER>Yes</ISPARTYLEDGER>
            <AMOUNT>-450.00</AMOUNT>
            <BANKALLOCATIONS.LIST>
                <DATE>20250606</DATE>
                <INSTRUMENTDATE>20250606</INSTRUMENTDATE>
                <NAME>d98b4c14-87f0-4414-9c21-a5bdb8122d54</NAME>
                <TRANSACTIONTYPE>Others</TRANSACTIONTYPE>
                <PAYMENTFAVOURING>Temp1</PAYMENTFAVOURING>
                <BANKPARTYNAME>Temp1</BANKPARTYNAME>
                <AMOUNT>-450.00</AMOUNT>
            </BANKALLOCATIONS.LIST>
        </ALLLEDGERENTRIES.LIST>
    </VOUCHER>
</TALLYMESSAGE>

<TALLYMESSAGE xmlns:UDF="TallyUDF">
    <VOUCHER VCHTYPE="Receipt" ACTION="Create">
        <DATE>20250606</DATE>
        <VOUCHERTYPENAME>Receipt</VOUCHERTYPENAME>
        <PARTYLEDGERNAME>Temp1</PARTYLEDGERNAME>
        <VOUCHERNUMBERSERIES>Default</VOUCHERNUMBERSERIES>
        <NARRATION>UPI-CR-974359645666-AKASH COMPUTERS-PUNB-4399002100005861-Payment from PhonePe</NARRATION>

        <ALLLEDGERENTRIES.LIST>
            <LEDGERNAME>Temp1</LEDGERNAME>
            <ISDEEMEDPOSITIVE>No</ISDEEMEDPOSITIVE>
            <ISPARTYLEDGER>Yes</ISPARTYLEDGER>
            <AMOUNT>1256.00</AMOUNT>
        </ALLLEDGERENTRIES.LIST>

        <ALLLEDGERENTRIES.LIST>
            <LEDGERNAME>Karur Vyshya Bank</LEDGERNAME>
            <ISDEEMEDPOSITIVE>Yes</ISDEEMEDPOSITIVE>
            <ISPARTYLEDGER>Yes</ISPARTYLEDGER>
            <AMOUNT>-1256.00</AMOUNT>
            <BANKALLOCATIONS.LIST>
                <DATE>20250606</DATE>
                <INSTRUMENTDATE>20250606</INSTRUMENTDATE>
                <NAME>d49a7009-059a-49cd-8225-e45340af68cf</NAME>
                <TRANSACTIONTYPE>Others</TRANSACTIONTYPE>
                <PAYMENTFAVOURING>Temp1</PAYMENTFAVOURING>
                <BANKPARTYNAME>Temp1</BANKPARTYNAME>
                <AMOUNT>-1256.00</AMOUNT>
            </BANKALLOCATIONS.LIST>
        </ALLLEDGERENTRIES.LIST>
    </VOUCHER>
</TALLYMESSAGE>

<TALLYMESSAGE xmlns:UDF="TallyUDF">
 <VOUCHER VCHTYPE="Payment" ACTION="Create">
  <DATE>20250606</DATE>
  <GUID>f5174df6-2f91-47d1-8d2b-ede3eae5798b</GUID>
  <NARRATION>KVBLH00236816989-STS   CO-002510360865031-aps-307</NARRATION>
  <VOUCHERTYPENAME>Payment</VOUCHERTYPENAME>
  <PARTYLEDGERNAME>Temp1</PARTYLEDGERNAME>
  <VOUCHERTYPEORIGNAME>Payment</VOUCHERTYPEORIGNAME>
  <ALLLEDGERENTRIES.LIST>
   <LEDGERNAME>Temp1</LEDGERNAME>
   <ISDEEMEDPOSITIVE>Yes</ISDEEMEDPOSITIVE>
   <ISPARTYLEDGER>Yes</ISPARTYLEDGER>
   <AMOUNT>-148769.00</AMOUNT>
  </ALLLEDGERENTRIES.LIST>
  <ALLLEDGERENTRIES.LIST>
   <LEDGERNAME>Karur Vyshya Bank</LEDGERNAME>
   <ISDEEMEDPOSITIVE>No</ISDEEMEDPOSITIVE>
   <ISPARTYLEDGER>Yes</ISPARTYLEDGER>
   <AMOUNT>148769.00</AMOUNT>
   <BANKALLOCATIONS.LIST>
    <DATE>20250606</DATE>
    <INSTRUMENTDATE>20250606</INSTRUMENTDATE>
    <TRANSACTIONTYPE>Inter Bank Transfer</TRANSACTIONTYPE>
    <PAYMENTFAVOURING>Temp1</PAYMENTFAVOURING>
    <TRANSFERMODE>NEFT</TRANSFERMODE>
    <AMOUNT>148769.00</AMOUNT>
   </BANKALLOCATIONS.LIST>
  </ALLLEDGERENTRIES.LIST>
 </VOUCHER>
</TALLYMESSAGE>

<TALLYMESSAGE xmlns:UDF="TallyUDF">
    <VOUCHER VCHTYPE="Receipt" ACTION="Create">
        <DATE>20250606</DATE>
        <VOUCHERTYPENAME>Receipt</VOUCHERTYPENAME>
        <PARTYLEDGERNAME>Temp1</PARTYLEDGERNAME>
        <VOUCHERNUMBERSERIES>Default</VOUCHERNUMBERSERIES>
        <NARRATION>UPI-CR-106050133643-Mr I ARUN  SAMUEL-IDIB-6589822370-UPI</NARRATION>

        <ALLLEDGERENTRIES.LIST>
            <LEDGERNAME>Temp1</LEDGERNAME>
            <ISDEEMEDPOSITIVE>No</ISDEEMEDPOSITIVE>
            <ISPARTYLEDGER>Yes</ISPARTYLEDGER>
            <AMOUNT>2155.00</AMOUNT>
        </ALLLEDGERENTRIES.LIST>

        <ALLLEDGERENTRIES.LIST>
            <LEDGERNAME>Karur Vyshya Bank</LEDGERNAME>
            <ISDEEMEDPOSITIVE>Yes</ISDEEMEDPOSITIVE>
            <ISPARTYLEDGER>Yes</ISPARTYLEDGER>
            <AMOUNT>-2155.00</AMOUNT>
            <BANKALLOCATIONS.LIST>
                <DATE>20250606</DATE>
                <INSTRUMENTDATE>20250606</INSTRUMENTDATE>
                <NAME>6248924d-2a3b-4044-bdd9-0ca7e16cb80b</NAME>
                <TRANSACTIONTYPE>Others</TRANSACTIONTYPE>
                <PAYMENTFAVOURING>Temp1</PAYMENTFAVOURING>
                <BANKPARTYNAME>Temp1</BANKPARTYNAME>
                <AMOUNT>-2155.00</AMOUNT>
            </BANKALLOCATIONS.LIST>
        </ALLLEDGERENTRIES.LIST>
    </VOUCHER>
</TALLYMESSAGE>
   <TALLYMESSAGE xmlns:UDF="TallyUDF">
 <COMPANY>
  <REMOTECMPINFO.LIST MERGE="Yes">
   <NAME>5c2b5700-a8ed-11d9-8626-e5767e127270</NAME>
   <REMOTECMPNAME>Suresh Traders - (from 1-Apr-25)</REMOTECMPNAME>
   <REMOTECMPSTATE>Tamil Nadu</REMOTECMPSTATE>
  </REMOTECMPINFO.LIST>
 </COMPANY>
</TALLYMESSAGE>
  </REQUESTDATA>
 </IMPORTDATA>
</BODY>
</ENVELOPE>