<ENVELOPE>
 <HEADER>
  <TALLYREQUEST>Import Data</TALLYREQUEST>
 </HEADER>
 <BODY>
  <IMPORTDATA>
   <REQUESTDESC>
    <REPORTNAME>Vouchers</REPORTNAME>
    <STATICVARIABLES>
     <SVCURRENTCOMPANY>Suresh Traders - (from 1-Apr-25)</SVCURRENTCOMPANY>
    </STATICVARIABLES>
   </REQUESTDESC>
   <REQUESTDATA>
    <TALLYMESSAGE xmlns:UDF="TallyUDF">
     <VOUCHER VCHTYPE="Payment" ACTION="Create">
      <DATE>20250606</DATE>
      <GUID>5c2b5700-a8ed-11d9-8626-e5767e127270-00017ad5</GUID>
      <NARRATION>KVBLH00236816989-STS   CO-002510360865031-aps-307</NARRATION>
      <VOUCHERTYPENAME>Payment</VOUCHERTYPENAME>
      <PARTYLEDGERNAME>Temp1</PARTYLEDGERNAME>
      <VOUCHERTYPEORIGNAME>Payment</VOUCHERTYPEORIGNAME>
      <ALLLEDGERENTRIES.LIST>
       <LEDGERNAME>Temp1</LEDGERNAME>
       <ISDEEMEDPOSITIVE>Yes</ISDEEMEDPOSITIVE>
       <ISPARTYLEDGER>Yes</ISPARTYLEDGER>
       <AMOUNT>-148768.00</AMOUNT>
      </ALLLEDGERENTRIES.LIST>
      <ALLLEDGERENTRIES.LIST>
       <LEDGERNAME>Karur Vyshya Bank</LEDGERNAME>
       <ISDEEMEDPOSITIVE>No</ISDEEMEDPOSITIVE>
       <ISPARTYLEDGER>Yes</ISPARTYLEDGER>
       <AMOUNT>148768.00</AMOUNT>
       <BANKALLOCATIONS.LIST>
        <DATE>20250606</DATE>
        <INSTRUMENTDATE>20250606</INSTRUMENTDATE>

        <TRANSACTIONTYPE>Inter Bank Transfer</TRANSACTIONTYPE>
        <PAYMENTFAVOURING>Temp1</PAYMENTFAVOURING>
        <TRANSFERMODE>NEFT</TRANSFERMODE>
        <AMOUNT>148768.00</AMOUNT>
       </BANKALLOCATIONS.LIST>
      </ALLLEDGERENTRIES.LIST>
     </VOUCHER>
    </TALLYMESSAGE>
    <TALLYMESSAGE xmlns:UDF="TallyUDF">
     <COMPANY>
      <REMOTECMPINFO.LIST MERGE="Yes">
       <NAME>5c2b5700-a8ed-11d9-8626-e5767e127270</NAME>
       <REMOTECMPNAME>Suresh Traders - (from 1-Apr-25)</REMOTECMPNAME>
       <REMOTECMPSTATE>Tamil Nadu</REMOTECMPSTATE>
      </REMOTECMPINFO.LIST>
     </COMPANY>
    </TALLYMESSAGE>
   </REQUESTDATA>
  </IMPORTDATA>
 </BODY>
</ENVELOPE>