<ENVELOPE>
 <HEADER>
  <TALLYREQUEST>Import Data</TALLYREQUEST>
 </HEADER>
 <BODY>
  <IMPORTDATA>
   <REQUESTDESC>
    <REPORTNAME>Vouchers</REPORTNAME>
    <STATICVARIABLES>
     <SVCURRENTCOMPANY>Suresh Traders - (from 1-Apr-25)</SVCURRENTCOMPANY>
    </STATICVARIABLES>
   </REQUESTDESC>
   <REQUESTDATA>
    <TALLYMESSAGE xmlns:UDF="TallyUDF">
     <VOUCHER  VCHTYPE="Receipt" ACTION="Create" OBJVIEW="Accounting Voucher View">
      <DATE>20250606</DATE>
      <GSTREGISTRATION TAXTYPE="GST" TAXREGISTRATION="33ACTPS9524Q1ZH">Tamil Nadu Registration</GSTREGISTRATION>
      <CMPGSTIN>33ACTPS9524Q1ZH</CMPGSTIN>
      <VOUCHERTYPENAME>Receipt</VOUCHERTYPENAME>
      <PARTYLEDGERNAME>Temp1</PARTYLEDGERNAME>
      <CMPGSTREGISTRATIONTYPE>Regular</CMPGSTREGISTRATIONTYPE>
      <CMPGSTSTATE>Tamil Nadu</CMPGSTSTATE>
      <NUMBERINGSTYLE>Manual</NUMBERINGSTYLE>
      <FBTPAYMENTTYPE>Default</FBTPAYMENTTYPE>
      <PERSISTEDVIEW>Accounting Voucher View</PERSISTEDVIEW>
      <VCHSTATUSTAXADJUSTMENT>Default</VCHSTATUSTAXADJUSTMENT>
      <VCHSTATUSVOUCHERTYPE>Receipt</VCHSTATUSVOUCHERTYPE>
      <VCHSTATUSTAXUNIT>Tamil Nadu Registration</VCHSTATUSTAXUNIT>
      <DIFFACTUALQTY>No</DIFFACTUALQTY>
      <ISMSTFROMSYNC>No</ISMSTFROMSYNC>
      <ISDELETED>No</ISDELETED>
      <ISSECURITYONWHENENTERED>No</ISSECURITYONWHENENTERED>
      <ASORIGINAL>No</ASORIGINAL>
      <AUDITED>No</AUDITED>
      <ISCOMMONPARTY>No</ISCOMMONPARTY>
      <FORJOBCOSTING>No</FORJOBCOSTING>
      <ISOPTIONAL>No</ISOPTIONAL>
      <EFFECTIVEDATE>20250606</EFFECTIVEDATE>
      <USEFOREXCISE>No</USEFOREXCISE>
      <ISFORJOBWORKIN>No</ISFORJOBWORKIN>
      <ALLOWCONSUMPTION>No</ALLOWCONSUMPTION>
      <USEFORINTEREST>No</USEFORINTEREST>
      <USEFORGAINLOSS>No</USEFORGAINLOSS>
      <USEFORGODOWNTRANSFER>No</USEFORGODOWNTRANSFER>
      <USEFORCOMPOUND>No</USEFORCOMPOUND>
      <USEFORSERVICETAX>No</USEFORSERVICETAX>
      <ISREVERSECHARGEAPPLICABLE>No</ISREVERSECHARGEAPPLICABLE>
      <ISSYSTEM>No</ISSYSTEM>
      <ISFETCHEDONLY>No</ISFETCHEDONLY>
      <ISGSTOVERRIDDEN>No</ISGSTOVERRIDDEN>
      <ISCANCELLED>No</ISCANCELLED>
      <ISONHOLD>No</ISONHOLD>
      <ISSUMMARY>No</ISSUMMARY>
      <ISECOMMERCESUPPLY>No</ISECOMMERCESUPPLY>
      <ISBOENOTAPPLICABLE>No</ISBOENOTAPPLICABLE>
      <ISGSTSECSEVENAPPLICABLE>No</ISGSTSECSEVENAPPLICABLE>
      <IGNOREEINVVALIDATION>No</IGNOREEINVVALIDATION>
      <CMPGSTISOTHTERRITORYASSESSEE>No</CMPGSTISOTHTERRITORYASSESSEE>
      <PARTYGSTISOTHTERRITORYASSESSEE>No</PARTYGSTISOTHTERRITORYASSESSEE>
      <IRNJSONEXPORTED>No</IRNJSONEXPORTED>
      <IRNCANCELLED>No</IRNCANCELLED>
      <IGNOREGSTCONFLICTINMIG>No</IGNOREGSTCONFLICTINMIG>
      <ISOPBALTRANSACTION>No</ISOPBALTRANSACTION>
      <IGNOREGSTFORMATVALIDATION>No</IGNOREGSTFORMATVALIDATION>
      <ISELIGIBLEFORITC>Yes</ISELIGIBLEFORITC>
      <IGNOREGSTOPTIONALUNCERTAIN>No</IGNOREGSTOPTIONALUNCERTAIN>
      <UPDATESUMMARYVALUES>No</UPDATESUMMARYVALUES>
      <ISEWAYBILLAPPLICABLE>No</ISEWAYBILLAPPLICABLE>
      <ISDELETEDRETAINED>No</ISDELETEDRETAINED>
      <ISNULL>No</ISNULL>
      <ISEXCISEVOUCHER>No</ISEXCISEVOUCHER>
      <EXCISETAXOVERRIDE>No</EXCISETAXOVERRIDE>
      <USEFORTAXUNITTRANSFER>No</USEFORTAXUNITTRANSFER>
      <ISEXER1NOPOVERWRITE>No</ISEXER1NOPOVERWRITE>
      <ISEXF2NOPOVERWRITE>No</ISEXF2NOPOVERWRITE>
      <ISEXER3NOPOVERWRITE>No</ISEXER3NOPOVERWRITE>
      <IGNOREPOSVALIDATION>No</IGNOREPOSVALIDATION>
      <EXCISEOPENING>No</EXCISEOPENING>
      <USEFORFINALPRODUCTION>No</USEFORFINALPRODUCTION>
      <ISTDSOVERRIDDEN>No</ISTDSOVERRIDDEN>
      <ISTCSOVERRIDDEN>No</ISTCSOVERRIDDEN>
      <ISTDSTCSCASHVCH>No</ISTDSTCSCASHVCH>
      <INCLUDEADVPYMTVCH>No</INCLUDEADVPYMTVCH>
      <ISSUBWORKSCONTRACT>No</ISSUBWORKSCONTRACT>
      <ISVATOVERRIDDEN>No</ISVATOVERRIDDEN>
      <IGNOREORIGVCHDATE>No</IGNOREORIGVCHDATE>
      <ISVATPAIDATCUSTOMS>No</ISVATPAIDATCUSTOMS>
      <ISDECLAREDTOCUSTOMS>No</ISDECLAREDTOCUSTOMS>
      <VATADVANCEPAYMENT>No</VATADVANCEPAYMENT>
      <VATADVPAY>No</VATADVPAY>
      <ISCSTDELCAREDGOODSSALES>No</ISCSTDELCAREDGOODSSALES>
      <ISVATRESTAXINV>No</ISVATRESTAXINV>
      <ISSERVICETAXOVERRIDDEN>No</ISSERVICETAXOVERRIDDEN>
      <ISISDVOUCHER>No</ISISDVOUCHER>
      <ISEXCISEOVERRIDDEN>No</ISEXCISEOVERRIDDEN>
      <ISEXCISESUPPLYVCH>No</ISEXCISESUPPLYVCH>
      <GSTNOTEXPORTED>No</GSTNOTEXPORTED>
      <IGNOREGSTINVALIDATION>No</IGNOREGSTINVALIDATION>
      <ISGSTREFUND>No</ISGSTREFUND>
      <OVRDNEWAYBILLAPPLICABILITY>No</OVRDNEWAYBILLAPPLICABILITY>
      <ISVATPRINCIPALACCOUNT>No</ISVATPRINCIPALACCOUNT>
      <VCHSTATUSISVCHNUMUSED>No</VCHSTATUSISVCHNUMUSED>
      <VCHGSTSTATUSISINCLUDED>No</VCHGSTSTATUSISINCLUDED>
      <VCHGSTSTATUSISUNCERTAIN>No</VCHGSTSTATUSISUNCERTAIN>
      <VCHGSTSTATUSISEXCLUDED>No</VCHGSTSTATUSISEXCLUDED>
      <VCHGSTSTATUSISAPPLICABLE>No</VCHGSTSTATUSISAPPLICABLE>
      <VCHGSTSTATUSISGSTR2BRECONCILED>No</VCHGSTSTATUSISGSTR2BRECONCILED>
      <VCHGSTSTATUSISGSTR2BONLYINPORTAL>No</VCHGSTSTATUSISGSTR2BONLYINPORTAL>
      <VCHGSTSTATUSISGSTR2BONLYINBOOKS>No</VCHGSTSTATUSISGSTR2BONLYINBOOKS>
      <VCHGSTSTATUSISGSTR2BMISMATCH>No</VCHGSTSTATUSISGSTR2BMISMATCH>
      <VCHGSTSTATUSISGSTR2BINDIFFPERIOD>No</VCHGSTSTATUSISGSTR2BINDIFFPERIOD>
      <VCHGSTSTATUSISRETEFFDATEOVERRDN>No</VCHGSTSTATUSISRETEFFDATEOVERRDN>
      <VCHGSTSTATUSISOVERRDN>No</VCHGSTSTATUSISOVERRDN>
      <VCHGSTSTATUSISSTATINDIFFDATE>No</VCHGSTSTATUSISSTATINDIFFDATE>
      <VCHGSTSTATUSISRETINDIFFDATE>No</VCHGSTSTATUSISRETINDIFFDATE>
      <VCHGSTSTATUSMAINSECTIONEXCLUDED>No</VCHGSTSTATUSMAINSECTIONEXCLUDED>
      <VCHGSTSTATUSISBRANCHTRANSFEROUT>No</VCHGSTSTATUSISBRANCHTRANSFEROUT>
      <VCHGSTSTATUSISSYSTEMSUMMARY>No</VCHGSTSTATUSISSYSTEMSUMMARY>
      <VCHSTATUSISUNREGISTEREDRCM>No</VCHSTATUSISUNREGISTEREDRCM>
      <VCHSTATUSISOPTIONAL>No</VCHSTATUSISOPTIONAL>
      <VCHSTATUSISCANCELLED>No</VCHSTATUSISCANCELLED>
      <VCHSTATUSISDELETED>No</VCHSTATUSISDELETED>
      <VCHSTATUSISOPENINGBALANCE>No</VCHSTATUSISOPENINGBALANCE>
      <VCHSTATUSISFETCHEDONLY>No</VCHSTATUSISFETCHEDONLY>
      <VCHGSTSTATUSISOPTIONALUNCERTAIN>No</VCHGSTSTATUSISOPTIONALUNCERTAIN>
      <PAYMENTLINKHASMULTIREF>No</PAYMENTLINKHASMULTIREF>
      <ISSHIPPINGWITHINSTATE>No</ISSHIPPINGWITHINSTATE>
      <ISOVERSEASTOURISTTRANS>No</ISOVERSEASTOURISTTRANS>
      <ISDESIGNATEDZONEPARTY>No</ISDESIGNATEDZONEPARTY>
      <HASCASHFLOW>Yes</HASCASHFLOW>
      <ISPOSTDATED>No</ISPOSTDATED>
      <USETRACKINGNUMBER>No</USETRACKINGNUMBER>
      <ISINVOICE>No</ISINVOICE>
      <MFGJOURNAL>No</MFGJOURNAL>
      <HASDISCOUNTS>No</HASDISCOUNTS>
      <ASPAYSLIP>No</ASPAYSLIP>
      <ISCOSTCENTRE>No</ISCOSTCENTRE>
      <ISSTXNONREALIZEDVCH>No</ISSTXNONREALIZEDVCH>
      <ISEXCISEMANUFACTURERON>No</ISEXCISEMANUFACTURERON>
      <ISBLANKCHEQUE>No</ISBLANKCHEQUE>
      <ISVOID>No</ISVOID>
      <ORDERLINESTATUS>No</ORDERLINESTATUS>
      <VATISAGNSTCANCSALES>No</VATISAGNSTCANCSALES>
      <VATISPURCEXEMPTED>No</VATISPURCEXEMPTED>
      <ISVATRESTAXINVOICE>No</ISVATRESTAXINVOICE>
      <VATISASSESABLECALCVCH>No</VATISASSESABLECALCVCH>
      <ISVATDUTYPAID>Yes</ISVATDUTYPAID>
      <ISDELIVERYSAMEASCONSIGNEE>No</ISDELIVERYSAMEASCONSIGNEE>
      <ISDISPATCHSAMEASCONSIGNOR>No</ISDISPATCHSAMEASCONSIGNOR>
      <ISDELETEDVCHRETAINED>No</ISDELETEDVCHRETAINED>
      <CHANGEVCHMODE>No</CHANGEVCHMODE>
      <RESETIRNQRCODE>No</RESETIRNQRCODE>
      <ALTERID>123670</ALTERID>
      <MASTERID>96865</MASTERID>
      <VOUCHERKEY>196765336732004</VOUCHERKEY>
      <VOUCHERRETAINKEY>51181</VOUCHERRETAINKEY>
      <VOUCHERNUMBERSERIES>Default</VOUCHERNUMBERSERIES>
      <ALLLEDGERENTRIES.LIST>
       <LEDGERNAME>Temp1</LEDGERNAME>
       <ISDEEMEDPOSITIVE>No</ISDEEMEDPOSITIVE>
       <ISPARTYLEDGER>Yes</ISPARTYLEDGER>
       <AMOUNT>5000.00</AMOUNT>
      </ALLLEDGERENTRIES.LIST>
      <ALLLEDGERENTRIES.LIST>
       <LEDGERNAME>Karur Vyshya Bank</LEDGERNAME>
       <ISDEEMEDPOSITIVE>Yes</ISDEEMEDPOSITIVE>
       <ISPARTYLEDGER>Yes</ISPARTYLEDGER>
       <AMOUNT>-5000.00</AMOUNT>
       <BANKALLOCATIONS.LIST>
        <DATE>20250606</DATE>
        <INSTRUMENTDATE>20250606</INSTRUMENTDATE>
        <NAME>b49321a0-7021-40e4-81f8-8b95c19a7ddc</NAME>
        <TRANSACTIONTYPE>Cheque/DD</TRANSACTIONTYPE>
        <PAYMENTFAVOURING>Temp1</PAYMENTFAVOURING>
        <UNIQUEREFERENCENUMBER>5FgUBQjVwAEZSCAr</UNIQUEREFERENCENUMBER>
        <STATUS>No</STATUS>
        <PAYMENTMODE>Transacted</PAYMENTMODE>
        <BANKPARTYNAME>Temp1</BANKPARTYNAME>
        <ISCONNECTEDPAYMENT>No</ISCONNECTEDPAYMENT>
        <ISSPLIT>No</ISSPLIT>
        <ISCONTRACTUSED>No</ISCONTRACTUSED>
        <ISACCEPTEDWITHWARNING>No</ISACCEPTEDWITHWARNING>
        <ISTRANSFORCED>No</ISTRANSFORCED>
        <CHEQUEPRINTED>1</CHEQUEPRINTED>
        <AMOUNT>-5000.00</AMOUNT>
       </BANKALLOCATIONS.LIST>
      </ALLLEDGERENTRIES.LIST>
     </VOUCHER>
    </TALLYMESSAGE>
    <TALLYMESSAGE xmlns:UDF="TallyUDF">
     <COMPANY>
      <REMOTECMPINFO.LIST MERGE="Yes">
       <NAME>5c2b5700-a8ed-11d9-8626-e5767e127270</NAME>
       <REMOTECMPNAME>Suresh Traders - (from 1-Apr-25)</REMOTECMPNAME>
       <REMOTECMPSTATE>Tamil Nadu</REMOTECMPSTATE>
      </REMOTECMPINFO.LIST>
     </COMPANY>
    </TALLYMESSAGE>
    <TALLYMESSAGE xmlns:UDF="TallyUDF">
     <COMPANY>
      <REMOTECMPINFO.LIST MERGE="Yes">
       <NAME>5c2b5700-a8ed-11d9-8626-e5767e127270</NAME>
       <REMOTECMPNAME>Suresh Traders - (from 1-Apr-25)</REMOTECMPNAME>
       <REMOTECMPSTATE>Tamil Nadu</REMOTECMPSTATE>
      </REMOTECMPINFO.LIST>
     </COMPANY>
    </TALLYMESSAGE>
   </REQUESTDATA>
  </IMPORTDATA>
 </BODY>
</ENVELOPE>