<ENVELOPE>
 <HEADER>
  <TALLYREQUEST>Import Data</TALLYREQUEST>
 </HEADER>
 <BODY>
  <IMPORTDATA>
   <REQUESTDESC>
    <REPORTNAME>Vouchers</REPORTNAME>
    <STATICVARIABLES>
     <SVCURRENTCOMPANY>Suresh Traders - (from 1-Apr-25)</SVCURRENTCOMPANY>
    </STATICVARIABLES>
   </REQUESTDESC>
   <REQUESTDATA>
    <TALLYMESSAGE xmlns:UDF="TallyUDF">
     <VOUCHER VCHTYPE="Receipt" ACTION="Create">
      <DATE>20250606</DATE>
      <VOUCHERTYPENAME>Receipt</VOUCHERTYPENAME>
      <PARTYLEDGERNAME>Temp1</PARTYLEDGERNAME>
      <NUMBERINGSTYLE>Manual</NUMBERINGSTYLE>
      <VOUCHERNUMBERSERIES>Default</VOUCHERNUMBERSERIES>
      <ALLLEDGERENTRIES.LIST>
       <LEDGERNAME>Temp1</LEDGERNAME>
       <AMOUNT>5000.00</AMOUNT>
      </ALLLEDGERENTRIES.LIST>
      <ALLLEDGERENTRIES.LIST>
       <LEDGERNAME>Karur Vyshya Bank</LEDGERNAME>
       <AMOUNT>-5000.00</AMOUNT>
       <BANKALLOCATIONS.LIST>
        <DATE>20250606</DATE>
        <INSTRUMENTDATE>20250606</INSTRUMENTDATE>
        <NAME>b49321a0-7021-40e4-81f8-8b95c19a7ddc</NAME>
        <TRANSACTIONTYPE>Cheque/DD</TRANSACTIONTYPE>
        <PAYMENTFAVOURING>Temp1</PAYMENTFAVOURING>
        <UNIQUEREFERENCENUMBER>5FgUBQjVwAEZSCAr</UNIQUEREFERENCENUMBER>
        <PAYMENTMODE>Transacted</PAYMENTMODE>
        <BANKPARTYNAME>Temp1</BANKPARTYNAME>
        <CHEQUEPRINTED>1</CHEQUEPRINTED>
        <AMOUNT>-5000.00</AMOUNT>
       </BANKALLOCATIONS.LIST>
      </ALLLEDGERENTRIES.LIST>
     </VOUCHER>
    </TALLYMESSAGE>
    <TALLYMESSAGE xmlns:UDF="TallyUDF">
     <COMPANY>
      <REMOTECMPINFO.LIST MERGE="Yes">
       <NAME>5c2b5700-a8ed-11d9-8626-e5767e127270</NAME>
       <REMOTECMPNAME>Suresh Traders - (from 1-Apr-25)</REMOTECMPNAME>
       <REMOTECMPSTATE>Tamil Nadu</REMOTECMPSTATE>
      </REMOTECMPINFO.LIST>
     </COMPANY>
    </TALLYMESSAGE>
   </REQUESTDATA>
  </IMPORTDATA>
 </BODY>
</ENVELOPE>